@ARTICLE{simbad,
   author = {{Wenger}, M. and {Ochsenbein}, F. and {Egret}, D. and {Dubois}, P. and 
	{Bonnarel}, F. and {Borde}, S. and {Genova}, F. and {Jasniewicz}, G. and 
	{Lalo{\"e}}, S. and {Lesteven}, S. and {Monier}, R.},
    title = "{The SIMBAD astronomical database. The CDS reference database for astronomical objects}",
  journal = {\aaps},
   eprint = {astro-ph/0002110},
 keywords = {ASTRONOMICAL DATA BASES: MISCELLANEOUS, CATALOGS},
     year = 2000,
    month = apr,
   volume = 143,
    pages = {9-22},
      doi = {10.1051/aas:2000332},
   adsurl = {http://adsabs.harvard.edu/abs/2000A%26AS..143....9W},
  adsnote = {Provided by the SAO/NASA Astrophysics Data System}
}

@online{cloudyNights,
  title={Cloudy Nights Home},
  url={https://www.cloudynights.com/},
  journal={Cloudy Nights},
  year=2018,
  author="{Cloudy Nights LLC}"
}

@online{hyperphysics,
  title={Atomic Spectra},
  url={http://hyperphysics.phy-astr.gsu.edu/hbase/quantum/atspect2.html#c2}, 
  author={Carl Rod Nave}
}

@article{NebulaLines,
  author={Siek Hyung and Lawrence H. Aller},
  title={The High-Excitation Planetary Nebula NGC 7662},
  journal={The Astrophysical Journal},
  volume={491},
  number={1},
  pages={242},
  url={http://iopscience.iop.org/article/10.1086/304948/pdf},
  year={1997},
}

@unpublished{lab2,
	author	= {{von Der Linden},A.},
	title	= "Diffuse Nebula Lab",
	year	= "2017",
	month	= "Nov",
	note	= "Stony Brook AST 443 Course Material",
}

@article{litVal,
  author={Siek Hyung and Lawrence H. Aller},
  title={The High-Excitation Planetary Nebula NGC 7662},
  journal={The Astrophysical Journal},
  volume={491},
  number={1},
  pages={242},
  url={http://iopscience.iop.org/article/10.1086/304948/pdf},
  year={1997},
}

@article{ WeigeltBlobs,
	author = {{Zethson, T.} and {Johansson, S.} and {Hartman, H.} and {Gull, T. R.}},
	title = {inae: linelist for the emission spectrum of the Weigelt blobs in the 1700 to 10 \AA{} wavelength region},
	DOI= "10.1051/0004-6361/201116696",
	url= "https://doi.org/10.1051/0004-6361/201116696",
	journal = {A\&A},
	year = 2012,
	volume = 540,
	pages = "A133",
	month = "",
}
