@ARTICLE{vdL14,
   author = {{von der Linden}, A. and {Mantz}, A. and {Allen}, S.~W. and 
	{Applegate}, D.~E. and {Kelly}, P.~L. and {Morris}, R.~G. and 
	{Wright}, A. and {Allen}, M.~T. and {Burchat}, P.~R. and {Burke}, D.~L. and 
	{Donovan}, D. and {Ebeling}, H.},
    title = "{Robust weak-lensing mass calibration of Planck galaxy clusters}",
  journal = {\mnras},
archivePrefix = "arXiv",
   eprint = {1402.2670},
 keywords = {gravitational lensing: weak, galaxies: clusters: general, cosmology: observations},
     year = 2014,
    month = sep,
   volume = 443,
    pages = {1973-1978},
      doi = {10.1093/mnras/stu1423},
   adsurl = {http://adsabs.harvard.edu/abs/2014MNRAS.443.1973V},
  adsnote = {Provided by the SAO/NASA Astrophysics Data System}
}

@article{ RadialVelocities,
	author = {{de Bruijne, J. H. J.} and {Eilers, A.-C.}},
	title = {Radial velocities for the HIPPARCOS-Gaia
          Hundred-Thousand-Proper-Motion project},
	DOI= "10.1051/0004-6361/201219219",
	url= "https://doi.org/10.1051/0004-6361/201219219",
	journal = {A\&A},
	year = 2012,
	volume = 546,
	pages = "A61",
	month = "",
}

@ARTICLE{FundamentalParameters,
   author = {{McDonald}, I. and {Zijlstra}, A.~A. and {Boyer}, M.~L.},
    title = "{Fundamental parameters and infrared excesses of Hipparcos stars}",
  journal = {\mnras},
archivePrefix = "arXiv",
   eprint = {1208.2037},
 primaryClass = "astro-ph.SR",
 keywords = {circumstellar matter, stars: fundamental parameters, Hertzsprung-Russell and colour-magnitude diagrams, stars: mass-loss, solar neighbourhood, infrared: stars},
     year = 2012,
    month = nov,
   volume = 427,
    pages = {343-357},
      doi = {10.1111/j.1365-2966.2012.21873.x},
   adsurl = {http://adsabs.harvard.edu/abs/2012MNRAS.427..343M},
  adsnote = {Provided by the SAO/NASA Astrophysics Data System}
}


@article{RunawayHipparcos,
author = {Tetzlaff, N. and Neuh√§user, R. and Hohle, M. M.},
title = {A catalogue of young runaway Hipparcos stars within 3 kpc from the Sun},
journal = {Monthly Notices of the Royal Astronomical Society},
volume = {410},
number = {1},
pages = {190-200},
year = {2011},
doi = {10.1111/j.1365-2966.2010.17434.x},
URL = {http://dx.doi.org/10.1111/j.1365-2966.2010.17434.x},
eprint = {/oup/backfile/content_public/journal/mnras/410/1/10.1111_j.1365-2966.2010.17434.x/3/mnras0410-0190.pdf}
}
