@misc{sunLitVals, 
title={Sun Fact Sheet}, 
url={https://nssdc.gsfc.nasa.gov/planetary/factsheet/sunfact.html}, 
journal={NASA}, 
publisher={NASA}, 
author={Williams, David R}, 
year={2018}, month={Feb}}

@unpublished{lab3,
	author	= {{von Der Linden},A.},
	title	= "Measuring the Solar Diameter with a Michelson Interferometer",
	year	= "2017",
	month	= "Nov",
	note	= "Stony Brook AST 443 Course Material",
}

@ARTICLE{journalPaper,
   author = {{Koda}, J. and {Barrett}, J. and {Shafto}, G. and {Slechta}, J. and 
	{Hasegawa}, T. and {Hayashi}, M. and {Metchev}, S.},
    title = "{A Michelson-type radio interferometer for university education}",
  journal = {American Journal of Physics},
archivePrefix = "arXiv",
   eprint = {1601.06161},
 primaryClass = "astro-ph.IM",
     year = 2016,
    month = apr,
   volume = 84,
    pages = {249-256},
      doi = {10.1119/1.4940212},
   adsurl = {http://adsabs.harvard.edu/abs/2016AmJPh..84..249K},
  adsnote = {Provided by the SAO/NASA Astrophysics Data System}
}
